<?xml version="1.0" encoding="UTF-8"?><collection xmlns="http://www.loc.gov/MARC21/slim"><record><leader>00459nam--2200145-i-4500</leader><controlfield tag="001">000041174</controlfield><controlfield tag="002">20161230</controlfield><controlfield tag="005">20161230201043</controlfield><controlfield tag="008">060222s1000------------r-----000-0-eng-d</controlfield><datafield ind1=" " ind2=" " tag="080"><subfield code="a">621.385.1:621.396.611:621.396.611:621.385.1</subfield></datafield><datafield ind1=" " ind2=" " tag="100"><subfield code="a">Seely, Samuel</subfield></datafield><datafield ind1=" " ind2=" " tag="245"><subfield code="a">Electron-tube circuits</subfield></datafield><datafield ind1=" " ind2=" " tag="260"><subfield code="a">New York, Toronto ..., Mcgraw-hill Book Comp., 1950, Ix+529p.Cu Ilustr</subfield></datafield><datafield ind1=" " ind2=" " tag="490"><subfield code="a">Mcgraw-hill Electrical And Electronic Engineering Series</subfield></datafield><datafield ind1=" " ind2=" " tag="852"><subfield code="a">3238</subfield></datafield></record></collection>